<record><leader>00000cas a2200000 a 4500</leader><controlfield tag="001">52762302</controlfield><controlfield tag="007">hd afa014baca</controlfield><controlfield tag="007">hd bfa014baaa</controlfield><controlfield tag="007">hd bfa014baba</controlfield><controlfield tag="008">030731d19021910miuwr nea     0    0eng c</controlfield><datafield ind1=" " ind2=" " tag="010"><subfield code="a">  2003221089</subfield></datafield><datafield ind1=" " ind2=" " tag="040"><subfield code="a">ATL</subfield><subfield code="b">eng</subfield><subfield code="c">ATL</subfield><subfield code="d">OCLCQ</subfield><subfield code="d">OCLCF</subfield><subfield code="d">OCLCO</subfield></datafield><datafield ind1="1" ind2=" " tag="029"><subfield code="a">AU@</subfield><subfield code="b">000024840102</subfield></datafield><datafield ind1=" " ind2=" " tag="042"><subfield code="a">pcc</subfield></datafield><datafield ind1=" " ind2=" " tag="043"><subfield code="a">n-us-mi</subfield></datafield><datafield ind1="1" ind2="4" tag="050"><subfield code="a">BX6201</subfield></datafield><datafield ind1="0" ind2=" " tag="130"><subfield code="a">Michigan Christian herald (Detroit, Mich. : 1902)</subfield></datafield><datafield ind1="1" ind2="4" tag="245"><subfield code="a">The Michigan Christian herald</subfield><subfield code="h">[microform].</subfield></datafield><datafield ind1="1" ind2="7" tag="246"><subfield code="a">Christian herald</subfield><subfield code="f">1902-Apr. 14, 1904</subfield></datafield><datafield ind1=" " ind2=" " tag="260"><subfield code="a">Detroit :</subfield><subfield code="b">A.H. Finn,</subfield><subfield code="c">1902-1910.</subfield></datafield><datafield ind1=" " ind2=" " tag="300"><subfield code="a">9 v. :</subfield><subfield code="b">ill. ;</subfield><subfield code="c">38 cm.</subfield></datafield><datafield ind1=" " ind2=" " tag="310"><subfield code="a">Weekly</subfield></datafield><datafield ind1="0" ind2=" " tag="362"><subfield code="a">Vol. 33, no. 12 (Mar. 20, 1902)-v. 41, no. 11 [i.e. 12] (Mar. 24, 1910).</subfield></datafield><datafield ind1=" " ind2=" " tag="515"><subfield code="a">Vol. 38, no. 1 (Jan. 5, 1907) misprinted 1906.</subfield></datafield><datafield ind1=" " ind2=" " tag="515"><subfield code="a">Vol. 41 called Vol. 12.</subfield></datafield><datafield ind1=" " ind2=" " tag="515"><subfield code="a">Issues for Mar. 3 and Mar. 10, 1910 called no. 9, but constitute no. 9-10; issue for Mar. 17 called no. 10, but constitutes no. 11; issue for Mar. 24 called no. 11, but constitutes no. 12.</subfield></datafield><datafield ind1=" " ind2=" " tag="550"><subfield code="a">Organ of the Michigan Baptist Convention.</subfield></datafield><datafield ind1=" " ind2=" " tag="580"><subfield code="a">Absorbed by the Standard (Chicago, Ill. : 1867). Cf. Michigan Christian herald (Detroit, Mich.), Mar. 24, 1910.</subfield></datafield><datafield ind1=" " ind2=" " tag="533"><subfield code="a">Microfilm.</subfield><subfield code="m">v.33-41 (1902-1910):[Gaps]</subfield><subfield code="b">Chicago, Ill. :</subfield><subfield code="c">American Theological Library Association,</subfield><subfield code="d">1981.</subfield><subfield code="e">5 microfilm reels ; 35 mm.</subfield><subfield code="f">(ATLA serials preservation program ; ATLA film R0132D).</subfield><subfield code="n">Reel 1 includes some issues of: christian herald (Detroit, Mich. : 1877).</subfield></datafield><datafield ind1=" " ind2="0" tag="650"><subfield code="a">Baptists</subfield><subfield code="z">Michigan</subfield><subfield code="v">Newspapers.</subfield></datafield><datafield ind1=" " ind2="0" tag="650"><subfield code="a">Baptists</subfield><subfield code="z">Michigan</subfield><subfield code="x">History.</subfield></datafield><datafield ind1=" " ind2="7" tag="655"><subfield code="a">History.</subfield><subfield code="2">fast</subfield><subfield code="0">(OCoLC)fst01411628</subfield></datafield><datafield ind1=" " ind2="7" tag="655"><subfield code="a">Newspapers.</subfield><subfield code="2">fast</subfield><subfield code="0">(OCoLC)fst01423814</subfield></datafield><datafield ind1=" " ind2="7" tag="650"><subfield code="a">Baptists.</subfield><subfield code="2">fast</subfield><subfield code="0">(OCoLC)fst00827285</subfield></datafield><datafield ind1=" " ind2="7" tag="651"><subfield code="a">Michigan.</subfield><subfield code="2">fast</subfield><subfield code="0">(OCoLC)fst01208387</subfield></datafield><datafield ind1="2" ind2=" " tag="710"><subfield code="a">Michigan Baptist State Convention.</subfield></datafield><datafield ind1="1" ind2=" " tag="776"><subfield code="c">Original</subfield><subfield code="w">(DLC)sn 98066405</subfield><subfield code="w">(OCoLC)11434975</subfield></datafield><datafield ind1="0" ind2="0" tag="780"><subfield code="t">Christian herald (Detroit, Mich. : 1877)</subfield><subfield code="w">(DLC)  2003221088</subfield><subfield code="w">(OCoLC)52762360</subfield></datafield><datafield ind1="1" ind2="4" tag="785"><subfield code="t">Standard (Chicago, Ill. : 1867)</subfield><subfield code="w">(DLC)sn 98021522</subfield><subfield code="w">(OCoLC)38921891</subfield></datafield><datafield ind1=" " ind2="0" tag="830"><subfield code="a">ATLA serials preservation program ;</subfield><subfield code="v">ATLA film R0132D.</subfield></datafield></record>